
%
%  $Description: Sample bibliography$ 
% 
%  $Author: ienne $ 
%  $Date: 1995/09/15 15:19:53 $
%  $Revision: 1.3 $
%

@Misc{clumon,
  key = "Clumon",
  howpublished = "\url{http://clumon.ncsa.uiuc.edu}",
  title = "{Clumon Cluster Monitoring Web page}",
  year = 2007
}

@Article{ganglia,
  author = "M. Massie and B. Chun and D. Culler",
  journal = "Parallel Computing",
  month = "April",
  title = "{ The Ganglia Distributed Monitoring System: Design,
             Implementation, and Experience}",
  year = 2004
}

@Misc{gits,
  key = "GITS",
  howpublished = {\url{http://www.soton.ac.uk/~djb1/gits.html}},
  title = "{The UK Grid Integration Test Script - GITS}",
  year = 2007
}

@Article{gridice,
 author = "Sergio Andreozzi and Natascia De Bortoli and Sergio Fantinel and
Antonia Ghiselli and Gian Luca Rubini and Gennaro Tortone and Maria Cristina
Vistoli",
 title = "{GridICE: a monitoring service for Grid systems}",
 journal = "{Future Generation Computer Systems}",
 volume = 21,
 number = 4,
 year = 2005,
 pages = "559--571",
 publisher = "{Elsevier Science Publishers B. V.}",
 address = "{Amsterdam, The Netherlands, The Netherlands}"
}

@InProceedings{inca1,
   author = "Smallen, Shava and Olschanowsky, Catherine and Kate Ericson
               and Pete Beckman and Jennifer M. Schopf",
   booktitle = "Proceedings of Supercomputing 04",
   month = "November",
   title = "{The Inca Test Harness and Reporting Framework}", 
   year = "2004",
}

@InProceedings{monalisa,
   address = "Interlaken, Switzerland",
   author =   "I.C. Legrand and H.B. Newman and R. Voicu and C. Cirstoiu and C. Grigoras and M. Toarta and C. Dobre",
   booktitle =   "CHEP 2004",
   month = "September",
   title =   "{MonALISA: An Agent based, Dynamic Service System to Monitor, Control and Optimize Grid based Applications}", 
   year =   "2004",
}

@Misc{nagios,
  key = "NWP",
  title = "{Nagios Web page}",
  howpublished = {\url{http://www.nagios.org}},
  year = 2007,
}

@Misc{ncsa-test,
  key = "NTP",
  title = "{NCSA TestGrid Project}",
  howpublished = "\url{http://grid.ncsa.uiuc.edu/test}",
  year = 2007
}

@Misc{teragrid,
  key = "TG",
  howpublished = "\url{http://www.teragrid.org}",
  title = "{The TeraGrid Project Web page}",
  year = 2007
}

